<?xml version="1.0" encoding="UTF-8"?><record xmlns="http://www.loc.gov/MARC21/slim" xmlns:cinclude="http://apache.org/cocoon/include/1.0" xmlns:zs="http://www.loc.gov/zing/srw/">
  <leader>01235nz  a2200193n  4500</leader>
  <controlfield tag="001">no2015017908</controlfield>
  <controlfield tag="003">DLC</controlfield>
  <controlfield tag="005">20150213074045.0</controlfield>
  <controlfield tag="008">150209n| azannaabn          |a ana     c</controlfield>
  <datafield tag="010" ind1=" " ind2=" ">
    <subfield code="a">no2015017908</subfield>
  </datafield>
  <datafield tag="035" ind1=" " ind2=" ">
    <subfield code="a">(OCoLC)oca10083086</subfield>
  </datafield>
  <datafield tag="040" ind1=" " ind2=" ">
    <subfield code="a">CSt</subfield>
    <subfield code="b">eng</subfield>
    <subfield code="e">rda</subfield>
    <subfield code="c">CSt</subfield>
    <subfield code="d">CSt</subfield>
  </datafield>
  <datafield tag="111" ind1="2" ind2=" ">
    <subfield code="a">Bienal de Fotografía (2002- )</subfield>
  </datafield>
  <datafield tag="411" ind1="2" ind2=" ">
    <subfield code="a">Photography Biennale</subfield>
  </datafield>
  <datafield tag="511" ind1="2" ind2=" ">
    <subfield code="w">a</subfield>
    <subfield code="a">Bienal Internacional de Fotografía</subfield>
  </datafield>
  <datafield tag="667" ind1=" " ind2=" ">
    <subfield code="a">See also related access points for individual instances of this conference which include specific information about the number, date, or place of the individual conference.</subfield>
  </datafield>
  <datafield tag="670" ind1=" " ind2=" ">
    <subfield code="a">Bienal de Fotografía : [catálogo], 2014:</subfield>
    <subfield code="b">title page (XVI Bienal de Fotografía 2014) page 7 (held in México) page 157 (the Photography Biennale; has taken place at the Centro de la Imagen for over 20 years) ; 2008: title page (XIII Bienal de Fotografía)</subfield>
  </datafield>
  <datafield tag="670" ind1=" " ind2=" ">
    <subfield code="a">OCLC, searched February 9, 2015</subfield>
    <subfield code="b">(6th, 1994, through 8th, 1997, called Bienal de Fotografía; 9th, 1999, called Bienal Internacional de Fotografía; with 10th, 2002, name reverted to Bienal de Fotografía)</subfield>
  </datafield>
  <datafield tag="670" ind1=" " ind2=" ">
    <subfield code="a">Bienal Internacional de Fotografía (9th : Mexico City : 1999).  BIF frontera, 1999:</subfield>
    <subfield code="b">t.p. (Bienal Internacional de Fotografía)</subfield>
  </datafield>
</record>